<record><leader>00000cas a22000007a 4500</leader><controlfield tag="001">9821823</controlfield><controlfield tag="008">830818d18861889ksuwr ne      0    0eng d</controlfield><controlfield tag="009">3789</controlfield><datafield ind1=" " ind2=" " tag="010"><subfield code="a">sn 83040444 </subfield></datafield><datafield ind1=" " ind2=" " tag="040"><subfield code="a">KSH</subfield><subfield code="b">eng</subfield><subfield code="c">KSH</subfield><subfield code="d">NPT</subfield></datafield><datafield ind1="1" ind2=" " tag="029"><subfield code="a">AU@</subfield><subfield code="b">000025796691</subfield></datafield><datafield ind1=" " ind2=" " tag="042"><subfield code="a">msc</subfield></datafield><datafield ind1=" " ind2=" " tag="043"><subfield code="a">n-us-ks</subfield></datafield><datafield ind1="0" ind2="4" tag="245"><subfield code="a">The Brainerd ensign.</subfield></datafield><datafield ind1=" " ind2=" " tag="260"><subfield code="a">Brainerd, Kan. :</subfield><subfield code="b">R.P. Morrison,</subfield><subfield code="c">1886-1889.</subfield></datafield><datafield ind1=" " ind2=" " tag="300"><subfield code="a">3 v. :</subfield><subfield code="b">ill. (chiefly advertisements) ;</subfield><subfield code="c">56-60 cm.</subfield></datafield><datafield ind1=" " ind2=" " tag="310"><subfield code="a">Weekly</subfield></datafield><datafield ind1="0" ind2=" " tag="362"><subfield code="a">Vol. 2, no. 13 (Oct. 14, 1886)-v. 4, no. 46 (June 15, 1889)</subfield></datafield><datafield ind1=" " ind2=" " tag="500"><subfield code="a">Published on Thursday.</subfield></datafield><datafield ind1=" " ind2=" " tag="500"><subfield code="a">Editor: R.P. Morrison.</subfield></datafield><datafield ind1="1" ind2=" " tag="700"><subfield code="a">Morrison, R. P.</subfield></datafield><datafield ind1=" " ind2=" " tag="752"><subfield code="a">United States</subfield><subfield code="b">Kansas</subfield><subfield code="c">Butler</subfield><subfield code="d">Brainerd.</subfield></datafield><datafield ind1="0" ind2="0" tag="780"><subfield code="t">Brainerd sun</subfield><subfield code="w">(DLC)sn 83040443</subfield></datafield></record>